% Desc: All of my references in bibtex syntax.
% Auth: Charles C. Bostwick.
@article{antonio2012database,
  title={Database security management for healthcare SaaS in the Amazon AWS Cloud},
  author={Antonio, C. and Luca, F.},
  journal={},
  year={2012}
}

@article{mishal2020analysis,
  title={Analysis of research on amazon A. cloud computing seller data security},
  author={Mishal, S. and Hajji, H.},
  journal={International Journal of Research in Engineering Innovation},
  volume={4},
  number={},
  pages={},
  year={2020}
}

@article{gartner2022public,
  title={Gartner Forecasts Worldwide Public Cloud End-User Spending to Reach Nearly $600 Billion in 2023},
  author={Gartner},
  journal={},
  year={2022},
  note={In-press. Available: \url{https://www.gartner.com/en/newsroom/press-releases/2022-10-31-gartner-forecasts-worldwide-public-cloud-end-user-spending-to-reach-nearly-600-billion-in-2023}}
}

@misc{ibm2022cost,
  title={Cost of a data breach 2022},
  author={IBM},
  year={2022},
  howpublished = {\url{https://www.ibm.com/reports/data-breach}},
  note={Accessed on Apr. 03, 2023}
}

@article{g2018database,
  title={Database Management on Public Cloud},
  author={G, N. and Lakshmi, P. R.},
  journal={EAI Endorsed Transactions on Cloud Systems},
  volume={3},
  number={},
  pages={},
  year={2018}
}

@article{garg2022comprehensive,
  title={A COMPREHENSIVE SURVEY OF INFRASTRUCTURE AS A SERVICE BY TOP PUBLIC CLOUD VENDORS},
  author={Garg, Y. and Gupta, B.},
  journal={},
  year={2022},
  note={Available: \url{https://www.researchgate.net/publication/366944682_A_COMPREHENSIVE_SURVEY_OF_INFRASTRUCTURE_AS_A_SERVICE_BY_TOP_PUBLIC_CLOUD_VENDORS}. Accessed on Apr. 03, 2023}
}

@misc{amazonrds,
  title={Amazon RDS Features | Cloud Relational Database | Amazon Web Services},
  author={Amazon Web Services, Inc.},
  year={},
  howpublished = {\url{https://aws.amazon.com/rds/features/}},
  note={Accessed on Apr. 03, 2023}
}

@article{xiaosong2020toward,
  title={Toward secure storage in cloud-based eHealth systems: a blockchain-assisted approach},
  author={Xiaosong, Z. and Xu, R.},
  journal={IEEE Network},
  volume={34},
  number={},
  pages={},
  year={2020}
}

@article{eer2020cloud,
  title={Cloud Computing and its role in the Information Technology},
  author={EER},
  journal={IAIC Transactions on Sustainable Digital Innovation},
  volume={1},
  number={2},
  pages={},
  year={2020}
}

@inproceedings{evan2011relational,
  title={Relational cloud: A database-as-a-service for the cloud},
  author={Evan, P. J. and others},
  booktitle={},
  year={2011}
}

@article{le2013rdbms,
  title={RDBMS in the Cloud Oracle Database on AWS},
  author={Le, G. and Carlos, C. and Shakil, L.},
  journal={},
  year={2013}
}

@article{mohamed2017adaptive,
  title={Adaptive risk management framework for cloud computing},
  author={Mohamed, H. and Tai-Hoon, K.},
  journal={},
  year={2017}
}

@article{manami2011risk,
  title={Risk management on the security problem in cloud computing},
  author={Manami, H. and Motoi, I. and Hiroyuki, S. and Atsushi, K.},
  journal={},
  year={2011}
}

@article{binod2021enhancing,
  title={Enhancing the security of data in cloud computing environments using Remote Data Auditing},
  author={Binod, S. and Amr, A.},
  journal={},
  year={2021}
}

@article{sandhu2005database,
  title={Database security-concepts},
  author={Sandhu, Ravi},
  journal={IEEE Transactions on Dependable and Secure Computing},
  volume={2},
  number={},
  pages={},
  year={2005}
}

@article{murat2020database,
  title={Database security threats and challenges},
  author={Murat, K. and Twana, M.},
  journal={},
  year={2020}
}

@article{songul2020study,
  title={A study on cybersecurity challenges in elearning and database management system},
  author={Song√ºl, K. and Abdullahi, A. A.},
  journal={},
  year={2020}
}
